% This file was created with JabRef 2.9.2.
% Encoding: Cp1252

@techreport{Zebra,
    author    = "",
    title     = "GIRAF: Zebra",
    institution = "Aalborg University",
    type     = "Student report", 
    year      = "2013",
    month    = "05"
}